@book{courant,
	title={Variational Methods for the Solution of Problems of Equilibrium and Vibrations},
	author={R. Courant}
}
@book{gockenbach,
	title={Understanding and Implementing the Finite Element Method},
	author={Mark S. Gockenbach}
}
@book{brenner,
    title={The Mathematical Theory of Finite Element Methods},
    author={Brenner and Scott}
}

@book{pani,
	title={Finite Element Method for Elliptic Problems},
	author={Amiya Pani}
}

@book{ciarlet,
	title={The Finite Element Method for Elliptic Problems},
	author={Philippe G. Ciarlet}
}

@book{vem,
 title={Basic Principles of The Virtual Element Methods},
 author={Veiga et al.}
}


@book{mvem,
 title={Basic Principles of Mixed Virtual Element Methods},
 author={Brezzi et al.}
}

@book{dunavant,
title={High degree efficient symmetrical Gaussian quadrature rules for the triangle},
author={D. A. Dunavant.}
}

@book{gabriel,
title={A Simple Introduction to the Mixed Finite Element Method - Theory and Applications},
author={Gabriel N. Gatica}
}

